[
  {
    "__type__": "cc.Prefab",
    "_name": "",
    "_objFlags": 0,
    "_native": "",
    "data": {
      "__id__": 1
    },
    "optimizationPolicy": 0,
    "asyncLoadAssets": false,
    "readonly": false
  },
  {
    "__type__": "cc.Node",
    "_name": "Map2",
    "_objFlags": 0,
    "_parent": null,
    "_children": [],
    "_active": true,
    "_components": [
      {
        "__id__": 2
      },
      {
        "__id__": 3
      },
      {
        "__id__": 4
      },
      {
        "__id__": 5
      }
    ],
    "_prefab": {
      "__id__": 6
    },
    "_opacity": 255,
    "_color": {
      "__type__": "cc.Color",
      "r": 255,
      "g": 255,
      "b": 255,
      "a": 255
    },
    "_contentSize": {
      "__type__": "cc.Size",
      "width": 3200,
      "height": 3200
    },
    "_anchorPoint": {
      "__type__": "cc.Vec2",
      "x": 0.5,
      "y": 0.5
    },
    "_trs": {
      "__type__": "TypedArray",
      "ctor": "Float64Array",
      "array": [
        0,
        0,
        0,
        0,
        0,
        0,
        1,
        1,
        1,
        1
      ]
    },
    "_eulerAngles": {
      "__type__": "cc.Vec3",
      "x": 0,
      "y": 0,
      "z": 0
    },
    "_skewX": 0,
    "_skewY": 0,
    "_is3DNode": false,
    "_groupIndex": 4,
    "groupIndex": 4,
    "_id": ""
  },
  {
    "__type__": "cc.RigidBody",
    "_name": "",
    "_objFlags": 0,
    "node": {
      "__id__": 1
    },
    "_enabled": true,
    "_type": 0,
    "_allowSleep": true,
    "_gravityScale": 1,
    "_linearDamping": 0,
    "_angularDamping": 0,
    "_linearVelocity": {
      "__type__": "cc.Vec2",
      "x": 0,
      "y": 0
    },
    "_angularVelocity": 0,
    "_fixedRotation": false,
    "enabledContactListener": false,
    "bullet": false,
    "awakeOnLoad": true,
    "_id": ""
  },
  {
    "__type__": "cc.PhysicsPolygonCollider",
    "_name": "",
    "_objFlags": 0,
    "node": {
      "__id__": 1
    },
    "_enabled": false,
    "tag": 0,
    "_density": 1,
    "_sensor": false,
    "_friction": 0.2,
    "_restitution": 0,
    "body": null,
    "_offset": {
      "__type__": "cc.Vec2",
      "x": 0,
      "y": 0
    },
    "points": [
      {
        "__type__": "cc.Vec2",
        "x": -844,
        "y": -391
      },
      {
        "__type__": "cc.Vec2",
        "x": 555,
        "y": -378
      },
      {
        "__type__": "cc.Vec2",
        "x": 548,
        "y": 588
      },
      {
        "__type__": "cc.Vec2",
        "x": 454,
        "y": 587
      },
      {
        "__type__": "cc.Vec2",
        "x": 450,
        "y": -183
      },
      {
        "__type__": "cc.Vec2",
        "x": 272,
        "y": -184
      },
      {
        "__type__": "cc.Vec2",
        "x": 271.8,
        "y": -285.9
      },
      {
        "__type__": "cc.Vec2",
        "x": -579,
        "y": -287
      },
      {
        "__type__": "cc.Vec2",
        "x": -574,
        "y": -100
      },
      {
        "__type__": "cc.Vec2",
        "x": 222,
        "y": -99
      },
      {
        "__type__": "cc.Vec2",
        "x": 222,
        "y": 400
      },
      {
        "__type__": "cc.Vec2",
        "x": -824,
        "y": 395
      }
    ],
    "_id": ""
  },
  {
    "__type__": "b6fa9iqZ4ZMrYMSPXXm2ZUK",
    "_name": "",
    "_objFlags": 0,
    "node": {
      "__id__": 1
    },
    "_enabled": true,
    "bulletCol": null,
    "phyCollider": {
      "__id__": 3
    },
    "collider": {
      "__id__": 5
    },
    "_id": ""
  },
  {
    "__type__": "cc.PolygonCollider",
    "_name": "",
    "_objFlags": 0,
    "node": {
      "__id__": 1
    },
    "_enabled": true,
    "tag": 2,
    "_offset": {
      "__type__": "cc.Vec2",
      "x": 0,
      "y": 0
    },
    "points": [
      {
        "__type__": "cc.Vec2",
        "x": -844,
        "y": -391
      },
      {
        "__type__": "cc.Vec2",
        "x": 555,
        "y": -378
      },
      {
        "__type__": "cc.Vec2",
        "x": 548,
        "y": 588
      },
      {
        "__type__": "cc.Vec2",
        "x": 454,
        "y": 587
      },
      {
        "__type__": "cc.Vec2",
        "x": 450,
        "y": -183
      },
      {
        "__type__": "cc.Vec2",
        "x": 272,
        "y": -184
      },
      {
        "__type__": "cc.Vec2",
        "x": 271.8,
        "y": -285.9
      },
      {
        "__type__": "cc.Vec2",
        "x": -579,
        "y": -287
      },
      {
        "__type__": "cc.Vec2",
        "x": -574,
        "y": -100
      },
      {
        "__type__": "cc.Vec2",
        "x": 222,
        "y": -99
      },
      {
        "__type__": "cc.Vec2",
        "x": 222,
        "y": 400
      },
      {
        "__type__": "cc.Vec2",
        "x": -824,
        "y": 395
      }
    ],
    "_id": ""
  },
  {
    "__type__": "cc.PrefabInfo",
    "root": {
      "__id__": 1
    },
    "asset": {
      "__id__": 0
    },
    "fileId": "",
    "sync": false
  }
]